% This file was created with JabRef 2.7b.
% Encoding: UTF-8

@ARTICLE{Higham01,
  author = {D. J. Higham},
  title = {An Algorithmic Introduction to Numerical Simulation of Stochastic
	Differential Equations},
  journal = {SIAM Review},
  year = {2001},
  volume = {43},
  pages = {525--546},
  number = {3},
  month = sep,
  url = {http://www.jstor.org/stable/3649798 }
}

@BOOK{kuo2006introduction,
  title = {Introduction to stochastic integration},
  publisher = {Springer},
  year = {2006},
  author = {Kuo, H.H.}
}

@BOOK{Mikosch1998,
  title = {Elementary stochastic calculus with finance in view},
  publisher = {World Scientific Publishing Company Incorporated},
  year = {1998},
  author = {Mikosch, T.},
  volume = {6}
}

@BOOK{Ortega1989,
  title = {Paseo al azar y movimiento Browniano},
  year = {1989},
  author = {Jose Rafael Leon
	
	Juaqu√≠n Ortega},
  owner = {saul},
  timestamp = {2012.12.07}
}

@BOOK{rincon2007curso,
  title = {Curso intermedio de PROBABILIDAD},
  publisher = {UNAM, Facultad de Ciencias},
  year = {2007},
  author = {Rinc{\'o}n, L.}
}

@comment{jabref-meta: selector_publisher:}

@comment{jabref-meta: selector_author:}

@comment{jabref-meta: selector_journal:}

@comment{jabref-meta: selector_keywords:}

