% This file was created with JabRef 2.7b.
% Encoding: UTF-8

@BOOK{Oeksendal,
  title = {Stochastic differential equations: an introduction with applications},
  publisher = {Springer},
  year = {1998},
  author = {B. K. {\O}ksendal},
  edition = {Fifth},
  isbn = {9783540047582}
}

@ARTICLE{A.B.Gumel2004,
  author = {A. B. Gumel, S. M. Maghadas, and R. E. Mickens},
  title = {Effect of a preventive vaccine on the dynamics of the HIV transmission,},
  journal = {Communications in Nonlinear Science and Numerical Simulation},
  year = {2004},
  volume = {9},
  pages = {649-659.},
  owner = {salami},
  timestamp = {2011.07.10}
}

@BOOK{allen1999computer,
  title = {Computer simulation of liquids},
  publisher = {Clarendon Press},
  year = {1999},
  author = {M.P. Allen and D. J. Tildesley}
}

@ARTICLE{appleby2010preserving,
  author = {J.A.D. Appleby and M. Guzowska and C. Kelly and A. Rodkina},
  title = {{Preserving positivity in solutions of discretised stochastic differential
	equations}},
  journal = {Applied Mathematics and Computation},
  year = {2010},
  volume = {217},
  pages = {763--774},
  number = {2},
  issn = {0096-3003},
  publisher = {Elsevier}
}

@ARTICLE{arenas2008non,
  author = {A.J. Arenas and J.A. Mora{\~n}o and J.C. Cort{\'e}s},
  title = {Non-standard numerical method for a mathematical model of RSV epidemiological
	transmission},
  journal = {Computers \& Mathematics with Applications},
  year = {2008},
  volume = {56},
  pages = {670--678},
  number = {3},
  publisher = {Elsevier}
}

@BOOK{arnold1974stochastic,
  title = {{Stochastic differential equations: theory and applications}},
  publisher = {Wiley-Interscience},
  year = {1974},
  author = {L. Arnold},
  isbn = {0471033596}
}

@BOOK{arnold2006ordinary,
  title = {{Ordinary differential equations}},
  publisher = {Springer Verlag},
  year = {2006},
  author = {V.I. Arnold},
  isbn = {3540345639}
}

@ARTICLE{balescu2007v,
  author = {Balescu, R.},
  title = {V-Langevin equations, continuous time random walks and fractional
	diffusion},
  journal = {Chaos, Solitons \& Fractals},
  year = {2007},
  volume = {34},
  pages = {62--80},
  number = {1},
  publisher = {Elsevier}
}

@BOOK{bentley:1999,
  title = {{P}rogramming {P}earls},
  publisher = {Addison--Wesley},
  year = {1999},
  author = {J. Bentley},
  address = {Boston, MA, USA},
  edition = {2nd}
}

@BOOK{boyce1992elementary,
  title = {{Elementary differential equations and boundary value problems}},
  publisher = {Wiley New York:},
  year = {1992},
  author = {W.E. Boyce and R.C. DiPrima and D. Mitrea},
  isbn = {0471509981}
}

@ARTICLE{branka1999blgorithms,
  author = {A.C. Branka and D.M. Heyes},
  title = {Algorithms for Brownian dynamics computer simulations: Multivariable
	case},
  journal = {Physical Review E},
  year = {1999},
  volume = {60},
  pages = {2381},
  number = {2},
  publisher = {APS}
}

@ARTICLE{branka1998algorithms,
  author = {A.C. Bra{\'n}ka and D.M. Heyes},
  title = {Algorithms for Brownian dynamics simulation},
  journal = {Physical Review E},
  year = {1998},
  volume = {58},
  pages = {2611},
  number = {2},
  publisher = {APS}
}

@BOOK{bringhurst:2002,
  title = {The Elements of Typographic Style},
  publisher = {Hartley \& Marks, Publishers},
  year = {2002},
  author = {R. Bringhurst},
  series = {Version 2.5},
  address = {Point Roberts, WA, USA}
}

@ARTICLE{buckmire2003investigations,
  author = {Buckmire, R.},
  title = {Investigations of nonstandard, Mickens-type, finite-difference schemes
	for singular boundary value problems in cylindrical or spherical
	coordinates},
  journal = {Numerical Methods for partial Differential equations},
  year = {2003},
  volume = {19},
  pages = {380--398},
  number = {3},
  publisher = {Wiley Online Library}
}

@BOOK{burden2010numerical,
  title = {{Numerical analysis}},
  publisher = {Brooks/Cole Pub Co},
  year = {2010},
  author = {R.L. Burden and J.D. Faires},
  isbn = {0538733519}
}

@ARTICLE{burrage2010note,
  author = {K. Burrage and T. Tian},
  title = {{A note on the stability properties of the Euler methods for solving
	stochastic differential equations}},
  journal = {New Zealand Journal of Mathematics},
  year = {2010},
  volume = {29},
  pages = {115--127},
  issn = {1171-6096},
  publisher = {New Zealand Math. Soc, \& Dept. of Maths. Univ. of Auckland}
}

@BOOK{butcher2008numerical,
  title = {Numerical methods for ordinary differential equations},
  publisher = {Wiley Online Library},
  year = {2008},
  author = {J.C. Butcher and J. Wiley}
}

@PHDTHESIS{castaneda03,
  author = {R. Casta{\~n}eda},
  title = {Estructura e interacciones efectivas en suspensiones coloidales},
  school = {CINVESTAV-IPN},
  year = {2003}
}

@ARTICLE{chen1998discretizations,
  author = {B. Chen and F. Solis},
  title = {Discretizations of nonlinear differential equations using explicit
	finite order methods},
  journal = {Journal of computational and applied mathematics},
  year = {1998},
  volume = {90},
  pages = {171--183},
  number = {2},
  publisher = {Elsevier}
}

@ARTICLE{Chen2004159,
  author = {J. C. Chen and A. S. Kim},
  title = {Brownian Dynamics, Molecular Dynamics, and Monte Carlo modeling of
	colloidal systems},
  journal = {Advances in Colloid and Interface Science},
  year = {2004},
  volume = {112},
  pages = {159--173},
  number = {1-3},
  doi = {DOI: 10.1016/j.cis.2004.10.001},
  issn = {0001-8686},
  keywords = {Brownian Dynamics},
  keywords1 = {Molecular Dynamics},
  keywords2 = {Monte Carlo},
  keywords3 = {Inter-particle interaction},
  keywords4 = {Diffusivity},
  keywords5 = {Stochastic force},
  keywords6 = {Verlet algorithm},
  keywords7 = {Langevin equation},
  keywords8 = {Metropolis method},
  url = {http://www.sciencedirect.com/science/article/pii/S0001868604000715}
}

@ARTICLE{Chen2003,
  author = {Z. Chen and A .B. Gumel and R. E. Mickens},
  title = {Nonstandard discretizations of the generalized Nagumo reaction-diffusion
	equation},
  journal = {Nonstandard discretizations of the generalized Nagumo reaction-diffusion
	equation},
  year = {2003},
  volume = {19},
  pages = {363-369},
  owner = {salami},
  timestamp = {2011.07.10}
}

@BOOK{cormen:2001,
  title = {{I}ntroduction to {A}lgorithms},
  publisher = {The MIT Press},
  year = {2001},
  author = {T. H. Cormen and C. E. Leiserson and R.L. Rivest and C. Stein},
  address = {Cambridge, MA, USA},
  edition = {2nd}
}

@BOOK{cyganowski2002elementary,
  title = {{From elementary probability to stochastic differential equations
	with MAPLE}},
  publisher = {Springer},
  year = {2002},
  author = {S. Cyganowski and P. E. Kloeden and J. Ombach},
  isbn = {3540426663}
}

@ARTICLE{ErmakMcCammon,
  author = {D. L. Ermak, J. A. McCammon},
  title = {Brownian dynamics with hydrodynamic interactions},
  journal = {J. Chern. Phys.},
  year = {1978},
  volume = {69},
  number = {4},
  month = aug
}

@BOOK{dahlquist2008numerical,
  title = {{Numerical Methods in Scientific Computing: Volume 1}},
  publisher = {Society for Industrial and Applied Mathematics Philadelphia, PA,
	USA},
  year = {2008},
  author = {G. Dahlquist},
  isbn = {0898716446}
}

@ARTICLE{de2010high,
  author = {C. {De La Cruz} and others},
  title = {{High order local linearization methods: An approach for constructing
	A-stable explicit schemes for stochastic differential equations with
	additive noise}},
  journal = {BIT},
  year = {2010},
  volume = {50},
  pages = {509--539},
  number = {3},
  issn = {0006-3835},
  publisher = {Springer}
}

@PHDTHESIS{Demontis,
  author = {P. Demontis},
  title = {Molecular Dynamics simulations of reactive and diffusive processes
	in different zeolite structures},
  school = {Universit`a degli Studi di Sassari Dipartimento di Chimica}
}

@BOOK{dhont1996introduction,
  title = {An introduction to dynamics of colloids},
  publisher = {Elsevier Science},
  year = {1996},
  author = {J. K. G. Dhont},
  volume = {2}
}

@BOOKLET{DhoGomNaeRicWin,
  title = {Soft Matter. From Synthetic to Biological Materials Lecture Notes
	of 39th IFF Spring School 2008.},
  author = {J. K. G. Dhont and G. Gompper and G. N{\"a}gele and D. Richter and
	R. G. Winkler},
  year = {2008}
}

@ARTICLE{dimitrov2008nonstandard,
  author = {D.T. Dimitrov and H.V. Kojouharov},
  title = {Nonstandard finite-difference methods for predator-prey models with
	general functional response},
  journal = {Mathematics and Computers in Simulation},
  year = {2008},
  volume = {78},
  pages = {1--11},
  number = {1},
  publisher = {Elsevier}
}

@BOOK{dueck:trio,
  title = {Dueck's Trilogie: Omnisophie -- Supramanie -- Topothesie},
  publisher = {Springer, Berlin},
  year = {2005},
  author = {G. Dueck},
  note = {\url{http://www.omnisophie.com}}
}

@BOOK{feller1971introduction,
  title = {{An introduction to probability theory and its applications, Vols.
	1 and 2}},
  publisher = {Wiley, New York},
  year = {1971},
  author = {W. Feller}
}

@BOOK{frenkel2002understanding,
  title = {Understanding molecular simulation: from algorithms to applications},
  publisher = {Academic Press},
  year = {2002},
  author = {D. Frenkel and B. Smit}
}

@BOOK{galaz06ElementosdeanalisisFuncional,
  title = {Elementos de an{\'a}lisis Funcional},
  publisher = {Cimat A.C.},
  year = {2006},
  author = {F. Galaz},
  isbn = {9685733074}
}

@BOOK{Galaz02,
  title = {Medida e integral de Lebesgue en $R^N$},
  publisher = {oxford},
  year = {2002},
  author = {F. Galaz},
  isbn = {9706137033}
}

@BOOK{gardiner1985handbook,
  title = {{Handbook of stochastic methods}},
  publisher = {Springer Berlin},
  year = {1985},
  author = {C.W. Gardiner},
  isbn = {3540156070}
}

@ARTICLE{Gumel2004,
  author = {A. B. Gumel and S. M. Maghadas and R. E. Mickens},
  title = {Effect of a preventive vaccine on the dynamics of the HIV transmission},
  journal = {Communications in Nonlinear Science and Numerical Simulation},
  year = {2004},
  volume = {9},
  pages = {649-659},
  owner = {salami},
  timestamp = {2011.07.10}
}

@BOOK{hartman2002ordinary,
  title = {{Ordinary Differential Equations, Classics in Applied Mathematics,
	38}},
  publisher = {SIAM},
  year = {2002},
  author = {P. Hartman},
  journal = {Society for Industrial and Applied Mathematics (SIAM), Philadelphia,
	PA}
}

@ARTICLE{hernandez1992stability,
  author = {D. B. Hernandez and R. Spigler},
  title = {{A-stability of Runge-Kutta methods for systems with additive noise}},
  journal = {BIT Numerical Mathematics},
  year = {1992},
  volume = {32},
  pages = {620--633},
  number = {4},
  issn = {0006-3835},
  publisher = {Springer}
}

@MISC{Paulina10,
  author = {P. A. I. Hern{\'a}ndez},
  title = {Aplicaci{\'o}n de algoritmos de din{\'a}mica Browniana lineales y
	no-lineales en el tiempo para el estudio de sistemas coloidales bi-dimensionales},
  year = {2010},
  school = {Universidad de Guanajuato Divisi{\'o}n de Ciencias e Ingenierias
	Campus Le{\'o}n},
  type = {tesis}
}

@PHDTHESIS{Velarde:2008,
  author = {S. Herrera},
  title = {Suspensiones coloidales en presencia de campos externos.},
  school = {IFUG},
  year = {2008}
}

@ARTICLE{herrera2010ordering,
  author = {S. Herrera and A. Zamudio and R. Casta{\~n}eda},
  title = {{Ordering and single-file diffusion in colloidal systems}},
  journal = {The Journal of chemical physics},
  year = {2010},
  volume = {133},
  pages = {114902}
}

@BOOK{higham2002accuracy,
  title = {{Accuracy and stability of numerical algorithms}},
  publisher = {Society for Industrial Mathematics},
  year = {2002},
  author = {D. J. Higham},
  isbn = {0898715210}
}

@ARTICLE{Higham01,
  author = {D. J. Higham},
  title = {An Algorithmic Introduction to Numerical Simulation of Stochastic
	Differential Equations},
  journal = {SIAM Review},
  year = {2001},
  volume = {43},
  pages = {525--546},
  number = {3},
  month = sep,
  url = {http://www.jstor.org/stable/3649798 }
}

@ARTICLE{Higham:2001:MASSTM,
  author = {D. J. Higham},
  title = {Mean-Square and Asymptotic Stability of the Stochastic Theta Method},
  journal = {SIAM Journal on Numerical Analysis},
  year = {2001},
  volume = {38},
  pages = {753--769},
  number = {3}
}

@ARTICLE{higham2000stability,
  author = {D. J. Higham},
  title = {{A-stability and stochastic mean-square stability}},
  journal = {BIT Numerical Mathematics},
  year = {2000},
  volume = {40},
  pages = {404--409},
  number = {2},
  issn = {0006-3835},
  publisher = {Springer}
}

@ARTICLE{higham2003strong,
  author = {D. J. Higham and X. Mao and A. M. Stuart},
  title = {{Strong convergence of Euler-type methods for nonlinear stochastic
	differential equations}},
  journal = {SIAM Journal on Numerical Analysis},
  year = {2003},
  volume = {40},
  pages = {1041--1063},
  number = {3},
  issn = {0036-1429},
  publisher = {JSTOR}
}

@ARTICLE{honeycutt1992stochastic,
  author = {R. L. Honeycutt},
  title = {{Stochastic runge-kutta algorithms. I. White noise}},
  journal = {Physical Review A},
  year = {1992},
  volume = {45},
  pages = {600--603},
  number = {2},
  issn = {1050-2947}
}

@BOOK{iacus08,
  title = {Simulation and Inference for Stochastic Differential Equations With
	R Examples},
  publisher = {Springer},
  year = {2008},
  author = {S. M. Iacus},
  edition = {First},
  isbn = {9780387758381}
}

@ARTICLE{ibijola2008nonstandard,
  author = {E.A. Ibijola and J. M. S. Lubuma and O.A. Ade},
  title = {{On nonstandard finite difference schemes for initial value problems
	in ordinary differential equations}},
  journal = {International Journal of Physical Sciences},
  year = {2008},
  volume = {3},
  pages = {059--064},
  number = {2},
  issn = {1992-1950},
  publisher = {Academic Journals}
}

@ARTICLE{Silvia011,
  author = {S. Jerez},
  title = {Nonstandard Lagrange-Burman Methods for the Numerical Integration
	of Differential Equations.},
  journal = {Journal of Difference Equations and Applications.},
  year = {2011},
  note = {Article accepted for publication},
  howpublished = {preprint},
  owner = {salami},
  timestamp = {2011.06.23}
}

@ARTICLE{jimenez1999simulation,
  author = {J.C. Jimenez and I. Shoji and T. Ozaki},
  title = {{Simulation of stochastic differential equations through the local
	linearization method. A comparative study}},
  journal = {Journal of statistical physics},
  year = {1999},
  volume = {94},
  pages = {587--602},
  number = {3},
  issn = {0022-4715},
  publisher = {Springer}
}

@ARTICLE{jodar2008nonstandard,
  author = {L. J{\'o}dar and R.J. Villanueva and A.J. Arenas and G.C. Gonz{\'a}lez},
  title = {Nonstandard numerical methods for a mathematical model for influenza
	disease},
  journal = {Mathematics and Computers in Simulation},
  year = {2008},
  volume = {79},
  pages = {622--633},
  number = {3},
  publisher = {Elsevier}
}

@BOOK{karatzas1998brownian,
  title = {{Brownian motion and stochastic calculus}},
  publisher = {Springer},
  year = {1998},
  author = {I. Karatzas and S.E. Shreve},
  isbn = {0387976558}
}

@BOOK{KloedenPllaten,
  title = {Numerical Solution of Stochastic Differential Equations},
  publisher = {Springer-Verlag},
  year = {1991},
  author = {P. E. Kloeden and E. Platen},
  series = {Applications of Matematics},
  month = may
}

@ARTICLE{kloeden1989survey,
  author = {P. E. Kloeden and E. Platen},
  title = {{A survey of numerical methods for stochastic differential equations}},
  journal = {Stochastic Hydrology and hydraulics},
  year = {1989},
  volume = {3},
  pages = {155--178},
  number = {3},
  issn = {0931-1955},
  publisher = {Springer}
}

@ARTICLE{knuth:1976,
  author = {D. E. Knuth},
  title = {{B}ig {O}micron and {B}ig {O}mega and {B}ig {T}heta},
  journal = {SIGACT News},
  year = {1976},
  volume = {8},
  pages = {18--24},
  number = {2},
  month = {April/June},
  address = {New York, NY, USA},
  publisher = {ACM Press}
}

@ARTICLE{knuth:1974,
  author = {D. E. Knuth},
  title = {{C}omputer {P}rogramming as an {A}rt},
  journal = {Communications of the ACM},
  year = {1974},
  volume = {17},
  pages = {667--673},
  number = {12},
  month = {December },
  address = {New York, NY, USA},
  publisher = {ACM Press}
}

@ARTICLE{kojouharov2004generalized,
  author = {H.V. Kojouharov and B.D. Welfert},
  title = {Generalized nonstandard numerical methods for nonlinear advection-diffusion-reaction
	equations},
  journal = {Large-Scale Scientific Computing},
  year = {2004},
  pages = {83--103},
  publisher = {Springer}
}

@PHDTHESIS{Kollmann:2001,
  author = {M. Kollmann},
  title = {Dynamics and Microstructure of Interacting Brownian Particle Systems:
	Electrokinetic Effects, (Quasi)-Two-Dimensional Systems and Sphere
	Caging},
  school = {Universit{\"a}t Konstanz, Fakulta{\"a}t f{\"u}r Physik},
  year = {2001}
}

@ARTICLE{komori1994some,
  author = {Y. Komori and Y. Saito and T. Mitsui},
  title = {{Some issues in discrete approximate solution for stochastic differential
	equations}},
  journal = {Computers \& Mathematics with Applications},
  year = {1994},
  volume = {28},
  pages = {269--278},
  number = {10-12},
  issn = {0898-1221},
  publisher = {Elsevier}
}

@BOOK{leveque2007finite,
  title = {Finite difference methods for ordinary and partial differential equations},
  publisher = {Society for Industrial and Applied Mathematics},
  year = {2007},
  author = {R.J. LeVeque}
}

@BOOK{mao2008stochastic,
  title = {{Stochastic differential equations and applications}},
  publisher = {Horwood Pub Ltd},
  year = {1997},
  author = {X. Mao},
  isbn = {1898563268}
}

@BOOK{marsden1993elementary,
  title = {Elementary classical analysis},
  publisher = {WH Freeman},
  year = {1993},
  author = {J.E. Marsden and M. J. Hoffman}
}

@ARTICLE{matus2005exact,
  author = {P. Matus and U. Irkhin and M. Lapinska},
  title = {{Exact difference schemes for time-dependent problems}},
  journal = {Computational Methods In Applied Mathematics},
  year = {2005},
  volume = {5},
  pages = {422},
  number = {4},
  issn = {1609-4840},
  publisher = {Institue of Mathematics National Academy of Sciences}
}

@ARTICLE{mickens2004positivity,
  author = {Mickens, R.E. and Jordan, PM},
  title = {A positivity-preserving nonstandard finite difference scheme for
	the damped wave equation},
  journal = {Numerical Methods for Partial Differential Equations},
  year = {2004},
  volume = {20},
  pages = {639--649},
  number = {5},
  publisher = {Wiley Online Library}
}

@ARTICLE{mickens2007calculation,
  author = {R. E. Mickens},
  title = {Calculation of denominator functions for nonstandard finite difference
	schemes for differential equations satisfying a positivity condition},
  journal = {Numerical Methods for Partial Differential Equations},
  year = {2007},
  volume = {23},
  pages = {672--691},
  number = {3},
  issn = {1098-2426},
  publisher = {Wiley Online Library}
}

@BOOK{Mickens,
  title = {Advances s in the Applications of Nonstandard Finite Difference Schemes},
  publisher = {World Scientific},
  year = {2005},
  author = {R. E. Mickens},
  booktitle = {Advances s in the Applications of Nonstandard Finite Difference Schemes}
}

@ARTICLE{mickens2003non,
  author = {R. E. Mickens},
  title = {A non-standard finite difference scheme for the equations modelling
	stellar structure},
  journal = {Journal of sound and vibration},
  year = {2003},
  volume = {265},
  pages = {1116--1120},
  number = {5},
  publisher = {Elsevier}
}

@BOOK{mickens2000applications,
  title = {Applications of nonstandard finite difference schemes},
  publisher = {World Scientific Pub Co Inc},
  year = {2000},
  author = {R. E. Mickens}
}

@BOOK{mickens1994nonstandard,
  title = {Nonstandard finite difference models of differential equations},
  publisher = {World Scientific Pub Co Inc},
  year = {1994},
  author = {R. E. Mickens},
  isbn = {9810214588}
}

@ARTICLE{Mickens1989,
  author = {R. E. Mickens},
  title = {Exact solutions to a finite-difference model of a nonlinear reaction-advection
	equation: Implications for numerical analysis},
  journal = {Numerical Methods for Partial Differential Equations},
  year = {1989},
  volume = {5},
  pages = {313-325},
  owner = {salami},
  timestamp = {2011.07.10}
}

@ARTICLE{mickens1989exact,
  author = {R. E. Mickens},
  title = {Exact solutions to a finite-difference model of a nonlinear reaction-advection
	equation: Implications for numerical analysis},
  journal = {Numerical Methods for Partial Differential Equations},
  year = {1989},
  volume = {5},
  pages = {313--325},
  number = {4},
  publisher = {Wiley Online Library}
}

@ARTICLE{mickens1988difference,
  author = {R. E. Mickens},
  title = {Difference equation models of differential equations},
  journal = {Mathematical and Computer Modelling},
  year = {1988},
  volume = {11},
  pages = {528--530},
  publisher = {Elsevier}
}

@ARTICLE{mickens84,
  author = {R. E. Mickens},
  title = {Difference equation models of differential equations having zero
	local truncation error, in differential equations},
  journal = {Differential Equations},
  year = {1984},
  pages = {445--449},
  publisher = {North Holland}
}

@BOOK{MoSzTeZo08,
  title = {Stochastic Differential Equations: Models and Numerics},
  publisher = {Independiente},
  year = {2008},
  author = {K. S. Moon and A. Szepessy and R. Tempone and G. Zouraris}
}

@BOOK{nemytskii1989qualitative,
  title = {{Qualitative theory of differential equations}},
  publisher = {Dover Pubns},
  year = {1989},
  author = {V.V. Nemytskii and V.V. Stepanov},
  isbn = {0486659542}
}

@BOOK{Nualart,
  title = {C{\'a}lculo estoc{\'a}stico},
  publisher = {Independiente},
  year = {2002},
  author = {D. Nualart},
  institution = {Universitat de Barcelona}
}

@MISC{pathriastatistical,
  author = {R.K. Pathria},
  title = {{Statistical mechanics, 1996}},
  year = {1996},
  publisher = {Butterworth Heinemann, Oxford, UK}
}

@ARTICLE{patidar2005use,
  author = {K.C. Patidar},
  title = {{On the use of nonstandard finite difference methods}},
  journal = {Journal of Difference Equations and Applications},
  year = {2005},
  volume = {11},
  pages = {735--758},
  number = {8},
  issn = {1023-6198},
  publisher = {Taylor \& Francis}
}

@BOOK{perko2001differential,
  title = {{Differential equations and dynamical systems}},
  publisher = {Springer Verlag},
  year = {2001},
  author = {L. Perko},
  isbn = {0387951164}
}

@BOOKLET{Rincn07,
  title = {Introducci{\'o}n a los PROCESOS ESTOC{\'A}STICOS},
  author = {L. Rinc{\'o}n},
  year = {2007},
  publisher = {Independiente}
}

@BOOK{rincon2007curso,
  title = {{Curso intermedio de PROBABILIDAD}},
  publisher = {UNAM, Facultad de Ciencias},
  year = {2007},
  author = {L. Rinc{\'o}n},
  isbn = {9703242693}
}

@BOOKLET{saitostability,
  title = {Stability analysis of numerical methods for stochastic systems with
	additive noise},
  author = {Saito, Y.}
}

@ARTICLE{saito2002mean,
  author = {Y. Saito and T. Mitsui},
  title = {{Mean-square stability of numerical schemes for stochastic differential
	systems}},
  journal = {Vietnam J. Math},
  year = {2002},
  volume = {30},
  pages = {551--560}
}

@ARTICLE{saito1996stability,
  author = {Y. Saito and T. Mitsui},
  title = {{Stability analysis of numerical schemes for stochastic differential
	equations}},
  journal = {SIAM Journal on Numerical Analysis},
  year = {1996},
  volume = {33},
  pages = {2254--2267},
  number = {6},
  issn = {0036-1429},
  publisher = {JSTOR}
}

@ARTICLE{solis2004nonstandard,
  author = {F.J. Solis and B. Chen},
  title = {{Nonstandard discrete approximationspreserving stability properties
	of continuous mathematical models}},
  journal = {Mathematical and computer modelling},
  year = {2004},
  volume = {40},
  pages = {481--490},
  number = {5-6},
  issn = {0895-7177},
  publisher = {Elsevier}
}

@BOOK{sommerville:1992,
  title = {{S}oftware {E}ngineering},
  publisher = {Addison-Wesley},
  year = {1992},
  author = {I. Sommerville},
  address = {Boston, MA, USA},
  edition = {4th}
}

@ARTICLE{RevModPhys.60.161,
  author = {K. J. Strandburg},
  title = {Two-dimensional melting},
  journal = {Rev. Mod. Phys.},
  year = {1988},
  volume = {60},
  pages = {161--207},
  number = {1},
  month = {Jan},
  doi = {10.1103/RevModPhys.60.161},
  numpages = {46},
  publisher = {American Physical Society}
}

@ARTICLE{toral2002Ruimasruiporfav,
  author = {R. Toral},
  title = {Ruido, m{\'a}s ruido, por favor},
  journal = {Revista Espa{\~n}ola de F{\'i}sica},
  year = {2002},
  volume = {16},
  number = {1}
}

@ARTICLE{ToraMigu97:Stocheffecphysysyste,
  author = {R. Toral and M. S. Miguel},
  title = {Stochastic effects in physycal systems},
  journal = {Inestabilities and Nonequilibrium Structures,},
  year = {1997},
  booktitle = {I nstabilities and Nonequilibrium Structures}
}

@ARTICLE{villanueva2008nonstandard,
  author = {R.J. Villanueva and A.J. Arenas and G. Gonz{\'a}lez},
  title = {A Nonstandard Dynamically Consistent Numerical Scheme Applied to
	Obesity Dynamics},
  journal = {Journal of Applied Mathematics},
  year = {2008}
}

@ARTICLE{zahn1997hydrodynamic,
  author = {K. Zahn and J. M. M{\'e}ndez and G. Maret},
  title = {{Hydrodynamic interactions may enhance the self-diffusion of colloidal
	particles}},
  journal = {Physical review letters},
  year = {1997},
  volume = {79},
  pages = {175--178},
  number = {1},
  issn = {1079-7114},
  publisher = {APS}
}

