@Book{ MoSzTeZo08,
	title = "Stochastic Differential Equations: Models and Numerics",
	author = "Kyoung-Sook Moon and Anders Szepessy and Ra{\'u}l Tempone and Georgios Zouraris",
	publisher = "Independiente",
	year = "2008"
}

@Book{ KloedenPllaten,
	title = "Numerical Solution of Stochastic Differential Equations",
	series = "Applications of Mathematics",
	author = "Peter E. Kloeden and Eckhard Platen",
	publisher = "Springer-Verlag",
	month = may,
	year = "1991"
}

@Book{ Nualart,
	title = "C{\'a}lculo estoc{\'a}stico",
	author = "David Nualart",
	publisher = "Independiente",
	institution = "Universitat de Barcelona",
	year = "2002"
}

@Article{ ErmakMcCammon,
	title = "Brownian dynamics with hydrodynamic interactions",
	author = "Donald L. Ermak and J. A. McCammon",
	journal = "J. Chern. Phys.",
	volume = "69",
	number = "4",
	month = aug,
	year = "1978"
}

@Book{ Risk88:FokkeEquatMethoSolutAppli,
	title = "The Fokker-Planck Equation Methods of Solution and Applications",
	author = "Hannes Risken",
	publisher = "Springer-Verlag",
	year = "1988"
}

@Book{ Mickens:2005,
	title = "Advances s in the Applications of Nonstandard Finite Difference Schemes",
	author = "R. E Mickens",
	publisher = "World Scientific",
	year = "2005"
}

@Book{ Rincn10,
	title = "Introducci{\'o}n a los procesos estoc{\'a}sticos",
	author = "Luis Rinc{\'o}n",
	publisher = "Independiente",
	year = "2010"
}

@Article{ BrankaHeyes:1999,
	title = "Algorithms for Brownian dynamics computer simulations: Multivariable case",
	author = "A. C. Bra{\'n}ka and D. M. Heyes",
	journal = "PHYSICAL REVIEW E",
	month = aug,
	year = "1999"
}

