% This file was created with JabRef 2.10b2.
% Encoding: UTF-8


@Online{Jabref,
  Title                    = {Jabref},
  Author                   = {Morten O. Alver},
  Url                      = {http://jabref.sourceforge.net/contact.php},
  Year                     = {2014},
  Month                    = Nov
}

@Online{Calibre,
  Title                    = {Calibre},
  Author                   = {Kovid Goyal},
  Url                      = {http://calibre-ebook.com/},
  Year                     = {2014},
  Month                    = Nov,
  Organization             = {Calibre e-book-managment}
}

@Online{Mendeley,
  Title                    = {Mendeley the reference manager},
  Author                   = {Victor Henning},
  Url                      = {http://www.mendeley.com/},
  Year                     = {2014},
  Month                    = Nov,
  Organization             = {Mendeley}
}

@Online{Bibtex,
  Title                    = {Bibtex},
  Author                   = {Oren Patashnik},
  Url                      = {http://www.bibtex.org/},
  Year                     = {2014},
  Month                    = Nov,
  Organization             = {TUG}
}

@comment{jabref-entrytype: Online: req[author;date;editor;title;url;year] opt[addendum;date;lenguage;month;note;organization;pubstate;subtitle;titleaddon;urldate;version;year]}

